@article{Witten:2015aoa,
    author = "Witten, Edward",
    title = "{Three lectures on topological phases of matter}",
    eprint = "1510.07698",
    archivePrefix = "arXiv",
    primaryClass = "cond-mat.mes-hall",
    doi = "10.1393/ncr/i2016-10125-3",
    journal = "Riv. Nuovo Cim.",
    volume = "39",
    number = "7",
    pages = "313--370",
    year = "2016"
}

@article{Witten:2015aba,
    author = "Witten, Edward",
    title = "{Fermion Path Integrals And Topological Phases}",
    eprint = "1508.04715",
    archivePrefix = "arXiv",
    primaryClass = "cond-mat.mes-hall",
    doi = "10.1103/RevModPhys.88.035001",
    journal = "Rev. Mod. Phys.",
    volume = "88",
    number = "3",
    pages = "035001",
    year = "2016"
}

 @misc{tachikawa_2019,
  title={Lecture on anomalies and topological phases},
  url={https://member.ipmu.jp/yuji.tachikawa/lectures/2019-top-anom/},
  journal={Lecture on anomalies and topological phases (2019)},
  author={Tachikawa, Yuji},
  year={2019}} 

